@article{Wigners_classification,
 ISSN = {0003486X},
 URL = {http://www.jstor.org/stable/1968551},
 author = {E. Wigner},
 journal = {Annals of Mathematics},
 number = {1},
 pages = {149--204},
 publisher = {Annals of Mathematics},
 title = {On Unitary Representations of the Inhomogeneous Lorentz Group},
 urldate = {2023-09-10},
 volume = {40},
 year = {1939}
}

@article{Ado:1935,
      author = "Ado, Igor D.",
      title="Note on the representation of finite continuous groups by means of linear substitutions",
      journal = "Izv. Fiz.-Mat. Obsch. (Kazan')",
      volume = "7",
      pages="1--43",
      year= "1935"
}

@article{Bern:2009kd,
    author = "Bern, Z. and Carrasco, J. J. and Dixon, Lance J. and Johansson, H. and Roiban, R.",
    title = "{The Ultraviolet Behavior of N=8 Supergravity at Four Loops}",
    eprint = "0905.2326",
    archivePrefix = "arXiv",
    primaryClass = "hep-th",
    reportNumber = "SLAC-PUB-13608, UCLA-09-TEP-09-47",
    doi = "10.1103/PhysRevLett.103.081301",
    journal = "Phys. Rev. Lett.",
    volume = "103",
    pages = "081301",
    year = "2009"
}

@article{Ade:2013zuv,
      author         = "Ade, P.A.R. and others",
      title          = "{Planck 2013 results. XVI. Cosmological parameters}",
      collaboration  = "Planck Collaboration",
      year           = "2013",
      eprint         = "1303.5076",
      archivePrefix  = "arXiv",
      primaryClass   = "astro-ph.CO",
      SLACcitation   = "%%CITATION = ARXIV:1303.5076;%%",
}

@article{Aaij:2012nna,
      author         = "Aaij, R and others",
      title          = "{First Evidence for the Decay $B^0_s \to \mu^+\mu^-$}",
      collaboration  = "LHCb Collaboration",
      journal        = "Phys.Rev.Lett.",
      volume         = "110",
      pages          = "021801",
      doi            = "10.1103/PhysRevLett.110.021801",
      year           = "2013",
      eprint         = "1211.2674",
      archivePrefix  = "arXiv",
      primaryClass   = "hep-ex",
      reportNumber   = "CERN-PH-EP-2012-335, LHCB-PAPER-2012-043",
      SLACcitation   = "%%CITATION = ARXIV:1211.2674;%%",
}

@article{Baak:2012kk,
      author         = "Baak, M. and Goebel, M. and Haller, J. and Hoecker, A.
                        and Kennedy, D. and others",
      title          = "{The Electroweak Fit of the Standard Model after the
                        Discovery of a New Boson at the LHC}",
      journal        = "Eur.Phys.J.",
      volume         = "C72",
      pages          = "2205",
      doi            = "10.1140/epjc/s10052-012-2205-9",
      year           = "2012",
      eprint         = "1209.2716",
      archivePrefix  = "arXiv",
      primaryClass   = "hep-ph",
      reportNumber   = "DESY-12-154",
      SLACcitation   = "%%CITATION = ARXIV:1209.2716;%%",
}

@techreport{ATLAS-CONF-2013-035,
      title         = "{Search for direct production of charginos and neutralinos
                       in events with three leptons and missing transverse
                       momentum in 21$\,$fb$^{-1}$ of pp collisions at
                       $\sqrt{s}=8\,$TeV with the ATLAS detector}",
      institution   = "CERN",
      collaboration = "ATLAS Collaboration",
      address       = "Geneva",
      number        = "ATLAS-CONF-2013-035",
      month         = "Mar",
      year          = "2013",
}

@techreport{ATLAS-CONF-2013-049,
      title         = "{Search for direct-slepton and direct-chargino production
                       in final states with two opposite-sign leptons, missing
                       transverse momentum and no jets in 20/fb of pp collisions
                       at sqrt(s) = 8 TeV with the ATLAS detector}",
      institution   = "CERN",
      collaboration = "ATLAS Collaboration",
      address       = "Geneva",
      number        = "ATLAS-CONF-2013-049",
      month         = "May",
      year          = "2013",
}

@article{Aad:2013ija,
      author         = "Aad, Georges and others",
      title          = "{Search for direct third-generation squark pair
                        production in final states with missing transverse
                        momentum and two $b$-jets in $\sqrt{s} =$ 8 TeV $pp$
                        collisions with the ATLAS detector}",
      collaboration  = "ATLAS",
      journal        = "JHEP",
      volume         = "1310",
      pages          = "189",
      doi            = "10.1007/JHEP10(2013)189",
      year           = "2013",
      eprint         = "1308.2631",
      archivePrefix  = "arXiv",
      primaryClass   = "hep-ex",
      reportNumber   = "CERN-PH-EP-2013-119",
      SLACcitation   = "%%CITATION = ARXIV:1308.2631;%%",
}

@techreport{ATLAS-CONF-2013-047,
      title         = "{Search for squarks and gluinos with the ATLAS detector in
                       final states with jets and missing transverse momentum and
                       20.3 fb$^{-1}$ of $\sqrt{s}=8$ TeV proton-proton collision
                       data}",
      institution   = "CERN",
      collaboration = "ATLAS Collaboration",
      address       = "Geneva",
      number        = "ATLAS-CONF-2013-047",
      month         = "May",
      year          = "2013",
}

@techreport{CMS-PAS-HIG-13-005,
      title         = "{Combination of standard model Higgs boson searches and
                       measurements of the properties of the new boson with a mass
                       near 125 GeV}",
      institution   = "CERN",
      collaboration = "CMS Collaboration",
      address       = "Geneva",
      number        = "CMS-PAS-HIG-13-005",
      year          = "2013",
}

@article{Grisaru:1979wc,
      author         = "Grisaru, Marcus T. and Siegel, W. and Rocek, M.",
      title          = "{Improved Methods for Supergraphs}",
      journal        = "Nucl.Phys.",
      volume         = "B159",
      pages          = "429",
      doi            = "10.1016/0550-3213(79)90344-4",
      year           = "1979",
      reportNumber   = "PRINT-79-0485 (BRANDEIS)",
      SLACcitation   = "%%CITATION = NUPHA,B159,429;%%",
}

@book{IntrSUSY2010,
    author    = "Müller-Kirsten, Harald J. W. and Wiedemann, Armin",
    title     = "Introduction to Supersymmetry",
    edition  = "Second ",
    year      = "2010",
    publisher = "World Scientific Publishing Co.\ Pte.\ Ltd.",
}

@article {MR1510035,
    AUTHOR = {Lie, Sophus},
     TITLE = {Theorie der {T}ransformationsgruppen {I}},
   JOURNAL = {Math. Ann.},
  FJOURNAL = {Mathematische Annalen},
    VOLUME = {16},
      YEAR = {1880},
    NUMBER = {4},
     PAGES = {441--528},
      ISSN = {0025-5831},
     CODEN = {MAANA},
   MRCLASS = {Contributed Item},
  MRNUMBER = {1510035},
       DOI = {10.1007/BF01446218},
       URL = {http://dx.doi.org/10.1007/BF01446218},
}

@article {Schur,
      author      = "Schur, Issai",
      title       ="{Neue Begründung der Theorie der Gruppencharaktere}",
      year        = {1905},
      journal     = "Sitzungsberichte der Königlich Preußischen Akademie der Wissenschaften zu Berlin", 
      pages       = {406--432},
}

@article{Haber:1984rc,
      author         = "Haber, Howard E. and Kane, Gordon L.",
      title          = "{The Search for Supersymmetry: Probing Physics Beyond the
                        Standard Model}",
      journal        = "Phys.Rept.",
      volume         = "117",
      pages          = "75-263",
      doi            = "10.1016/0370-1573(85)90051-1",
      year           = "1985",
}

@article{Coleman:1967ad,
      author         = "Coleman, Sidney R. and Mandula, J.",
      title          = "{All Possible Symmetries of the S matrix}",
      journal        = "Phys.Rev.",
      volume         = "159",
      pages          = "1251-1256",
      doi            = "10.1103/PhysRev.159.1251",
      year           = "1967",
}

@article{Haag:1974qh,
      author         = "Haag, Rudolf and Lopuszanski, Jan T. and Sohnius, Martin",
      title          = "{All Possible Generators of Supersymmetries of the S
                        Matrix}",
      journal        = "Nucl.Phys.",
      volume         = "B88",
      pages          = "257",
      doi            = "10.1016/0550-3213(75)90279-5",
      year           = "1975",
}
@article{Bagger:1983mv,
      author         = "Bagger, Jonathan and Wess, Julius",
      title          = "PARTIAL BREAKING OF EXTENDED SUPERSYMMETRY",
      journal        = "Phys.Lett.",
      volume         = "B138",
      pages          = "105",
      doi            = "10.1016/0370-2693(84)91882-3",
      year           = "1984",
}
@article{Salam:1974jj,
      author         = "Salam, Abdus and Strathdee, J.A.",
      title          = "{On Superfields and Fermi-Bose Symmetry}",
      journal        = "Phys.Rev.",
      volume         = "D11",
      pages          = "1521-1535",
      doi            = "10.1103/PhysRevD.11.1521",
      year           = "1975",
}
@article{O'Raifeartaigh:1975pr,
      author         = "O'Raifeartaigh, L.",
      title          = "{Spontaneous Symmetry Breaking for Chiral Scalar
                        Superfields}",
      journal        = "Nucl.Phys.",
      volume         = "B96",
      pages          = "331",
      doi            = "10.1016/0550-3213(75)90585-4",
      year           = "1975",
}
@article{Ferrara:1979wa,
      author         = "Ferrara, S. and Girardello, L. and Palumbo, F.",
      title          = "{A General Mass Formula in Broken Supersymmetry}",
      journal        = "Phys.Rev.",
      volume         = "D20",
      pages          = "403",
      doi            = "10.1103/PhysRevD.20.403",
      year           = "1979",
}
@article{Richardson:2000nt,
      author         = "Richardson, Peter",
      title          = "{Simulations of R-parity violating SUSY models}",
      year           = "2000",
      note           = "Ph.D. Thesis",
      eprint         = "hep-ph/0101105",
      archivePrefix  = "arXiv",
      primaryClass   = "hep-ph",
}

@article{Gunion:1984yn,
      author         = "Gunion, J.F. and Haber, Howard E.",
      title          = "{Higgs Bosons in Supersymmetric Models. 1.}",
      journal        = "Nucl.Phys.",
      volume         = "B272",
      pages          = "1",
      doi            = "10.1016/0550-3213(86)90340-8",
      year           = "1986",
      reportNumber   = "SLAC-PUB-3404",
      SLACcitation   = "%%CITATION = NUPHA,B272,1;%%",
}

@article{Gunion:1986nh,
      author         = "Gunion, J.F. and Haber, Howard E.",
      title          = "{Higgs Bosons in Supersymmetric Models. 2. Implications
                        for Phenomenology}",
      journal        = "Nucl.Phys.",
      volume         = "B278",
      pages          = "449",
      doi            = "10.1016/0550-3213(86)90050-7",
      year           = "1986",
}

@article{Bolz:2000xi,
      author         = "Bolz, Matthias",
      title          = "{Thermal production of gravitinos}",
      year           = "2000",
      note   = "DESY-THESIS-2000-013",
      SLACcitation   = "%%CITATION = DESY-THESIS-2000-013 ETC.;%%",
}

@article{Martin:1997ns,
      author         = "Martin, Stephen P.",
      title          = "{A Supersymmetry primer}",
      year           = "1997",
      eprint         = "hep-ph/9709356",
      archivePrefix  = "arXiv",
      primaryClass   = "hep-ph",
}

@article{Fayet:1975ki,
      author         = "Fayet, Pierre",
      title          = "{Spontaneous Supersymmetry Breaking Without Gauge
                        Invariance}",
      journal        = "Phys.Lett.",
      volume         = "B58",
      pages          = "67",
      doi            = "10.1016/0370-2693(75)90730-3",
      year           = "1975",
}

@article{Bennett:2006fi,
      author         = "Bennett, G.W. and others",
      title          = "{Final Report of the Muon E821 Anomalous Magnetic Moment
                        Measurement at BNL}",
      collaboration  = "Muon G-2 Collaboration",
      journal        = "Phys.Rev.",
      volume         = "D73",
      pages          = "072003",
      doi            = "10.1103/PhysRevD.73.072003",
      year           = "2006",
      note           = "Summary of E821 Collaboration measurements of the muon
                        anomalous magnetic moment, each reported earlier in
                        Letters or Brief Reports. Revised version submitted to
                        Phys.Rev.D",
      eprint         = "hep-ex/0602035",
      archivePrefix  = "arXiv",
      primaryClass   = "hep-ex",
}

@article{Zwicky:1933gu,
      author         = "Zwicky, F.",
      title          = "{Spectral displacement of extra galactic nebulae}",
      journal        = "Helv.Phys.Acta",
      volume         = "6",
      pages          = "110-127",
      year           = "1933",
}

@article{Rubin:1970zz,
      author         = "Rubin, Vera C. and Ford, W.Kent, Jr.",
      title          = "{Rotation of the Andromeda Nebula from a Spectroscopic
                        Survey of Emission Regions}",
      journal        = "Astrophys.J.",
      volume         = "159",
      pages          = "379-403",
      doi            = "10.1086/150317",
      year           = "1970",
}

@article{Fischer:1996eb,
      author         = "Fischer, Philippe and Bernstein, Gary and Rhee, George
                        and Tyson, J.Anthony",
      title          = "{The mass distribution of the cluster 0957+561 from
                        gravitational lensing}",
      year           = "1996",
      note           = "* Brief entry *",
      eprint         = "astro-ph/9608117",
      archivePrefix  = "arXiv",
      primaryClass   = "astro-ph",
}
@article{Hawkins:2002sg,
      author         = "Hawkins, Ed and Maddox, Steve and Cole, Shaun and
                        Madgwick, Darren and Norberg, Peder and others",
      title          = "{The 2dF Galaxy Redshift Survey: Correlation functions,
                        peculiar velocities and the matter density of the
                        universe}",
      journal        = "Mon.Not.Roy.Astron.Soc.",
      volume         = "346",
      pages          = "78",
      doi            = "10.1046/j.1365-2966.2003.07063.x",
      year           = "2003",
      eprint         = "astro-ph/0212375",
      archivePrefix  = "arXiv",
      primaryClass   = "astro-ph",
}
@article{Abazajian:2004it,
      author         = "Abazajian, Kevork and others",
      title          = "{The Third Data Release of the Sloan Digital Sky Survey}",
      collaboration  = "SDSS Collaboration",
      journal        = "Astron.J.",
      volume         = "129",
      pages          = "1755-1759",
      doi            = "10.1086/427544",
      year           = "2005",
      eprint         = "astro-ph/0410239",
      archivePrefix  = "arXiv",
      primaryClass   = "astro-ph",
}
@article{Clowe:2006eq,
      author         = "Clowe, Douglas and Bradac, Marusa and Gonzalez, Anthony
                        H. and Markevitch, Maxim and Randall, Scott W. and others",
      title          = "{A direct empirical proof of the existence of dark
                        matter}",
      journal        = "Astrophys.J.",
      volume         = "648",
      pages          = "L109-L113",
      doi            = "10.1086/508162",
      year           = "2006",
      eprint         = "astro-ph/0608407",
      archivePrefix  = "arXiv",
      primaryClass   = "astro-ph",
}
@article{Riess:1998cb,
      author         = "Riess, Adam G. and others",
      title          = "{Observational evidence from supernovae for an
                        accelerating universe and a cosmological constant}",
      collaboration  = "Supernova Search Team",
      journal        = "Astron.J.",
      volume         = "116",
      pages          = "1009-1038",
      doi            = "10.1086/300499",
      year           = "1998",
      eprint         = "astro-ph/9805201",
      archivePrefix  = "arXiv",
      primaryClass   = "astro-ph",
}

@article{Perlmutter:1999jt,
      author         = "Perlmutter, Saul and Turner, Michael S. and White, Martin
                        J.",
      title          = "{Constraining dark energy with SNe Ia and large scale
                        structure}",
      journal        = "Phys.Rev.Lett.",
      volume         = "83",
      pages          = "670-673",
      doi            = "10.1103/PhysRevLett.83.670",
      year           = "1999",
      eprint         = "astro-ph/9901052",
      archivePrefix  = "arXiv",
      primaryClass   = "astro-ph",
}

@article{Penzias:1965wn,
      author         = "Penzias, Arno A. and Wilson, Robert Woodrow",
      title          = "{A Measurement of excess antenna temperature at
                        4080-Mc/s}",
      journal        = "Astrophys.J.",
      volume         = "142",
      pages          = "419-421",
      doi            = "10.1086/148307",
      year           = "1965",
}

@misc{Lester:TOOLS2012,
      author         = "Lester, Christopher G.",
      title          = "{A personal view of some of the recent (mostly BSM) results from ATLAS (and occasionally from CMS!)}",
      howpublished   = "Conference talk",
      note           = "TOOLS 2012 Stockholm",
}

@article{Buckley:2013jua,
      author         = "Buckley, Andy",
      title          = "{PySLHA: a Pythonic interface to SUSY Les Houches Accord
                        data}",
      journal        = "Eur. Phys. J.",
      volume         = "C75",
      year           = "2015",
      number         = "10",
      pages          = "467",
      doi            = "10.1140/epjc/s10052-015-3638-8",
      eprint         = "1305.4194",
      archivePrefix  = "arXiv",
      primaryClass   = "hep-ph",
      reportNumber   = "MCNET-13-06, GLAS-PPE-2015-02",
      SLACcitation   = "%%CITATION = ARXIV:1305.4194;%%"
}

@article{Miller:2005zp,
      author         = "Miller, D. J. and Osland, P. and Raklev, A. R.",
      title          = "{Invariant mass distributions in cascade decays}",
      journal        = "JHEP",
      volume         = "03",
      year           = "2006",
      pages          = "034",
      doi            = "10.1088/1126-6708/2006/03/034",
      eprint         = "hep-ph/0510356",
      archivePrefix  = "arXiv",
      primaryClass   = "hep-ph",
      reportNumber   = "CERN-PH-TH-2005-121",
      SLACcitation   = "%%CITATION = HEP-PH/0510356;%%"
}

@article{Gjelsten:2004ki,
      author         = "Gjelsten, B. K. and Miller, D. J. and Osland, P.",
      title          = "{Measurement of SUSY masses via cascade decays for SPS
                        1a}",
      journal        = "JHEP",
      volume         = "12",
      year           = "2004",
      pages          = "003",
      doi            = "10.1088/1126-6708/2004/12/003",
      eprint         = "hep-ph/0410303",
      archivePrefix  = "arXiv",
      primaryClass   = "hep-ph",
      reportNumber   = "ATL-PHYS-2004-029, EDINBURGH-2004-12",
      SLACcitation   = "%%CITATION = HEP-PH/0410303;%%"
}

@article{Agashe:2014kda,
      author         = "Olive, K. A. and others",
      title          = "{Review of Particle Physics}",
      collaboration  = "Particle Data Group",
      journal        = "Chin. Phys.",
      volume         = "C38",
      year           = "2014",
      pages          = "090001",
      doi            = "10.1088/1674-1137/38/9/090001",
      SLACcitation   = "%%CITATION = CHPHD,C38,090001;%%"
}

@article{Dreiner:2009ic,
      author         = "Dreiner, Herbi K. and Heinemeyer, Sven and Kittel, Olaf
                        and Langenfeld, Ulrich and Weber, Arne M. and Weiglein,
                        Georg",
      title          = "{Mass Bounds on a Very Light Neutralino}",
      journal        = "Eur. Phys. J.",
      volume         = "C62",
      year           = "2009",
      pages          = "547-572",
      doi            = "10.1140/epjc/s10052-009-1042-y",
      eprint         = "0901.3485",
      archivePrefix  = "arXiv",
      primaryClass   = "hep-ph",
      reportNumber   = "BONN-TH-2008-11, DCPT-09-04, DESY-08-190, IPPP-09-02",
      SLACcitation   = "%%CITATION = ARXIV:0901.3485;%%"
}

@article{Misiak:2015xwa,
      author         = "Misiak, M. and others",
      title          = "{Updated NNLO QCD predictions for the weak radiative
                        B-meson decays}",
      journal        = "Phys. Rev. Lett.",
      volume         = "114",
      year           = "2015",
      number         = "22",
      pages          = "221801",
      doi            = "10.1103/PhysRevLett.114.221801",
      eprint         = "1503.01789",
      archivePrefix  = "arXiv",
      primaryClass   = "hep-ph",
      reportNumber   = "TTP15-007, SFB-CPP-14-121, SI-HEP-2015-08, QFET-2015-09,
                        TTK-15-09, IFT-2-2015",
      SLACcitation   = "%%CITATION = ARXIV:1503.01789;%%"
}

@article{Czakon:2015exa,
      author         = "Czakon, Michał and Fiedler, Paul and Huber, Tobias and
                        Misiak, Mikołaj and Schutzmeier, Thomas and Steinhauser,
                        Matthias",
      title          = "{The (Q$_{7}$ , Q$_{1,2}$) contribution to $
                        \overline{B}\to {X}_s\gamma $ at $
                        \mathcal{O}\left({\alpha}_{\mathrm{s}}^2\right) $}",
      journal        = "JHEP",
      volume         = "04",
      year           = "2015",
      pages          = "168",
      doi            = "10.1007/JHEP04(2015)168",
      eprint         = "1503.01791",
      archivePrefix  = "arXiv",
      primaryClass   = "hep-ph",
      reportNumber   = "TTK-15-08, QFET-2015-03, SI-HEP-2015-03, IFT-1-2015,
                        TTP15-008, SFB-CPP-14-122",
      SLACcitation   = "%%CITATION = ARXIV:1503.01791;%%"
}

@article{CMS:2014xfa,
      author         = "Khachatryan, Vardan and others",
      title          = "{Observation of the rare $B^0_s\to\mu^+\mu^-$ decay from
                        the combined analysis of CMS and LHCb data}",
      collaboration  = "LHCb, CMS",
      journal        = "Nature",
      volume         = "522",
      year           = "2015",
      pages          = "68-72",
      doi            = "10.1038/nature14474",
      eprint         = "1411.4413",
      archivePrefix  = "arXiv",
      primaryClass   = "hep-ex",
      reportNumber   = "CERN-PH-EP-2014-220, CMS-BPH-13-007, LHCB-PAPER-2014-049",
      SLACcitation   = "%%CITATION = ARXIV:1411.4413;%%"
}

@article{Bobeth:2013uxa,
      author         = "Bobeth, Christoph and Gorbahn, Martin and Hermann, Thomas
                        and Misiak, Mikolaj and Stamou, Emmanuel and Steinhauser,
                        Matthias",
      title          = "{$B_{s,d}\to l^+l^-$ in the Standard Model with Reduced
                        Theoretical Uncertainty}",
      journal        = "Phys. Rev. Lett.",
      volume         = "112",
      year           = "2014",
      pages          = "101801",
      doi            = "10.1103/PhysRevLett.112.101801",
      eprint         = "1311.0903",
      archivePrefix  = "arXiv",
      primaryClass   = "hep-ph",
      reportNumber   = "FLAVOUR(267104)-ERC-53, LTH-990, SFB-CPP-13-82,
                        TTP13-033",
      SLACcitation   = "%%CITATION = ARXIV:1311.0903;%%"
}

@article{Bobeth:2001sq,
      author         = "Bobeth, C. and Ewerth, T. and Kruger, F. and Urban, J.",
      title          = "{Analysis of neutral Higgs boson contributions to the
                        decays $\bar{B}$( $s^{)} \to \ell^{+} \ell^{-}$ and
                        $\bar{B} \to K \ell^{+} \ell^{-}$}",
      journal        = "Phys. Rev.",
      volume         = "D64",
      year           = "2001",
      pages          = "074014",
      doi            = "10.1103/PhysRevD.64.074014",
      eprint         = "hep-ph/0104284",
      archivePrefix  = "arXiv",
      primaryClass   = "hep-ph",
      reportNumber   = "TUM-HEP-411-01",
      SLACcitation   = "%%CITATION = HEP-PH/0104284;%%"
}

@article{Gondolo:2004sc,
      author         = "Gondolo, P. and Edsjo, J. and Ullio, P. and Bergstrom, L.
                        and Schelke, Mia and Baltz, E. A.",
      title          = "{DarkSUSY: Computing supersymmetric dark matter
                        properties numerically}",
      journal        = "JCAP",
      volume         = "0407",
      year           = "2004",
      pages          = "008",
      doi            = "10.1088/1475-7516/2004/07/008",
      eprint         = "astro-ph/0406204",
      archivePrefix  = "arXiv",
      primaryClass   = "astro-ph",
      reportNumber   = "SLAC-PUB-10562",
      SLACcitation   = "%%CITATION = ASTRO-PH/0406204;%%"
}

@article{Belanger:2001fz,
      author         = "Belanger, G. and Boudjema, F. and Pukhov, A. and Semenov,
                        A.",
      title          = "{MicrOMEGAs: A Program for calculating the relic density
                        in the MSSM}",
      journal        = "Comput. Phys. Commun.",
      volume         = "149",
      year           = "2002",
      pages          = "103-120",
      doi            = "10.1016/S0010-4655(02)00596-9",
      eprint         = "hep-ph/0112278",
      archivePrefix  = "arXiv",
      primaryClass   = "hep-ph",
      reportNumber   = "LAPTH-881-01",
      SLACcitation   = "%%CITATION = HEP-PH/0112278;%%"
}

@article{Belanger:2004yn,
      author         = "Belanger, G. and Boudjema, F. and Pukhov, A. and Semenov,
                        A.",
      title          = "{micrOMEGAs: Version 1.3}",
      journal        = "Comput. Phys. Commun.",
      volume         = "174",
      year           = "2006",
      pages          = "577-604",
      doi            = "10.1016/j.cpc.2005.12.005",
      eprint         = "hep-ph/0405253",
      archivePrefix  = "arXiv",
      primaryClass   = "hep-ph",
      reportNumber   = "LAPTH-1044",
      SLACcitation   = "%%CITATION = HEP-PH/0405253;%%"
}

@article{Ackermann:2015zua,
      author         = "Ackermann, M. and others",
      title          = "{Searching for Dark Matter Annihilation from Milky Way
                        Dwarf Spheroidal Galaxies with Six Years of Fermi-LAT
                        Data}",
      collaboration  = "Fermi-LAT",
      year           = "2015",
      eprint         = "1503.02641",
      archivePrefix  = "arXiv",
      primaryClass   = "astro-ph.HE",
      SLACcitation   = "%%CITATION = ARXIV:1503.02641;%%"
}

@article{Hooper:2010mq,
      author         = "Hooper, Dan and Goodenough, Lisa",
      title          = "{Dark Matter Annihilation in The Galactic Center As Seen
                        by the Fermi Gamma Ray Space Telescope}",
      journal        = "Phys. Lett.",
      volume         = "B697",
      year           = "2011",
      pages          = "412-428",
      doi            = "10.1016/j.physletb.2011.02.029",
      eprint         = "1010.2752",
      archivePrefix  = "arXiv",
      primaryClass   = "hep-ph",
      reportNumber   = "FERMILAB-PUB-10-414-A",
      SLACcitation   = "%%CITATION = ARXIV:1010.2752;%%"
}

@article{Hiorth:2003ci,
      author         = "Hiorth, A. and Eeg, J. O.",
      title          = "{Nonfactorizable effects in B - anti-B mixing}",
      journal        = "Eur. Phys. J.direct",
      volume         = "C30",
      year           = "2003",
      pages          = "006",
      doi            = "10.1140/epjcd/s2003-01-006-4",
      note           = "[Eur. Phys. J.C32S1,69(2004)]",
      eprint         = "hep-ph/0301118",
      archivePrefix  = "arXiv",
      primaryClass   = "hep-ph",
      SLACcitation   = "%%CITATION = HEP-PH/0301118;%%"
}

@Book{Kolb:1990vq,
      author        = "Kolb, E. W. and Turner, M. S.",
      title         = "{The Early Universe}",
      pages         = "1-547",
      year          = "1990",
      publisher     = "Addison-Wesley",
      note          = "Frontiers in Physics, 69",
}

@article{Super-Kamiokande:2016exg,
    author = "Abe, K. and others",
    collaboration = "Super-Kamiokande",
    title = "{Search for proton decay via $p \to e^+\pi^0$ and $p \to \mu^+\pi^0$ in 0.31  megaton\textperiodcentered{}years exposure of the Super-Kamiokande water Cherenkov detector}",
    eprint = "1610.03597",
    archivePrefix = "arXiv",
    primaryClass = "hep-ex",
    doi = "10.1103/PhysRevD.95.012004",
    journal = "Phys. Rev. D",
    volume = "95",
    number = "1",
    pages = "012004",
    year = "2017"
}

@article{ParticleDataGroup:2020ssz,
    author = "Zyla, P. A. and others",
    collaboration = "Particle Data Group",
    title = "{Review of Particle Physics}",
    doi = "10.1093/ptep/ptaa104",
    journal = "PTEP",
    volume = "2020",
    number = "8",
    pages = "083C01",
    year = "2020"
}

@article{Allanach:2002nj,
    author = "Allanach, B. C. and others",
    editor = "Graf, Norman",
    title = "{The Snowmass Points and Slopes: Benchmarks for SUSY Searches}",
    eprint = "hep-ph/0202233",
    archivePrefix = "arXiv",
    reportNumber = "SLAC-PUB-9134, BNL-HET-02-6, CERN-TH-2002-020, DCPT-02-16, DESY-02-022, FERMILAB-CONF-02-011-T, HEPHY-PUB-751, IPPP-02-08, PM-01-69, UCD-2002-01, UFIFT-HEP-02-2, UMN-TH-2043-02, ZU-TH-3-02, SNOWMASS-2001-P125",
    doi = "10.1007/s10052-002-0949-3",
    journal = "Eur. Phys. J. C",
    volume = "25",
    pages = "113--123",
    year = "2002"
}

@techreport{ATL-PHYS-PUB-2021-019,
      title         = "{SUSY Summary Plots June 2021}",
      institution   = "CERN",
      collaboration = "ATLAS Collaboration",
      address       = "Geneva",
      reportNumber  = "ATL-PHYS-PUB-2021-019",
      month         = "Jun",
      year          = "2021",
      url           = "http://cds.cern.ch/record/2771785",
      note          = "All figures including auxiliary figures are available at
                       https://atlas.web.cern.ch/Atlas/GROUPS/PHYSICS/PUBNOTES/ATL-PHYS-PUB-2021-019",
}

@article{Baak:2011ze,
    author = "Baak, M. and Goebel, M. and Haller, J. and Hoecker, A. and Ludwig, D. and Moenig, K. and Schott, M. and Stelzer, J.",
    title = "{Updated Status of the Global Electroweak Fit and Constraints on New Physics}",
    eprint = "1107.0975",
    archivePrefix = "arXiv",
    primaryClass = "hep-ph",
    reportNumber = "DESY-11-107, CERN-OPEN-2011-033",
    doi = "10.1140/epjc/s10052-012-2003-4",
    journal = "Eur. Phys. J. C",
    volume = "72",
    pages = "2003",
    year = "2012"
}

@article{Haller:2018nnx,
    author = {Haller, Johannes and Hoecker, Andreas and Kogler, Roman and M\"onig, Klaus and Peiffer, Thomas and Stelzer, J\"org},
    title = "{Update of the global electroweak fit and constraints on two-Higgs-doublet models}",
    eprint = "1803.01853",
    archivePrefix = "arXiv",
    primaryClass = "hep-ph",
    doi = "10.1140/epjc/s10052-018-6131-3",
    journal = "Eur. Phys. J. C",
    volume = "78",
    number = "8",
    pages = "675",
    year = "2018"
}

@article{Muong-2:2021ojo,
    author = "Abi, B. and others",
    collaboration = "Muon g-2",
    title = "{Measurement of the Positive Muon Anomalous Magnetic Moment to 0.46 ppm}",
    eprint = "2104.03281",
    archivePrefix = "arXiv",
    primaryClass = "hep-ex",
    reportNumber = "FERMILAB-PUB-21-132-E",
    doi = "10.1103/PhysRevLett.126.141801",
    journal = "Phys. Rev. Lett.",
    volume = "126",
    number = "14",
    pages = "141801",
    year = "2021"
}

@article{HFLAV:2019otj,
    author = "Amhis, Yasmine Sara and others",
    collaboration = "HFLAV",
    title = "{Averages of b-hadron, c-hadron, and $\tau $-lepton properties as of 2018}",
    eprint = "1909.12524",
    archivePrefix = "arXiv",
    primaryClass = "hep-ex",
    doi = "10.1140/epjc/s10052-020-8156-7",
    journal = "Eur. Phys. J. C",
    volume = "81",
    number = "3",
    pages = "226",
    year = "2021"
}

@inproceedings{Shifman:1995hc,
    author = "Shifman, Mikhail A.",
    title = "{Foreword to ITEP lectures in particle physics}",
    eprint = "hep-ph/9510397",
    archivePrefix = "arXiv",
    month = "10",
    year = "1995"
}

@article{LHCb:2020zud,
    collaboration = "LHCb, ATLAS, CMS",
    title = "{Combination of the ATLAS, CMS and LHCb results on the $B^0_{(s)} \to \mu^+ \mu^-$ decays}",
    reportNumber = "LHCb-CONF-2020-002, CERN-LHCb-CONF-2020-002",
    month = "8",
    year = "2020"
}

@techreport{Billard:2764484,
      author        = "Billard, Julien and Boulay, Mark and Cebrián, Susana and
                       Covi, Laura and Fiorillo, Giuliana and Green, Anne and
                       Kopp, Joachim and Majorovits, Béla and Palladino, Kimberly
                       and Petricca, Federica and Roszkowski, Leszek and Schumann,
                       Marc",
      title         = "{Direct Detection of Dark Matter -- APPEC Committee
                       Report}",
      archivePrefix = "arXiv",
      eprint        = "2104.07634",
      month         = "Apr",
      year          = "2021",
      url           = "https://cds.cern.ch/record/2764484",
      note          = "106 pages",
}

@article{GAMBIT:2017zdo,
    author = "Athron, Peter and others",
    collaboration = "GAMBIT",
    title = "{A global fit of the MSSM with GAMBIT}",
    eprint = "1705.07917",
    archivePrefix = "arXiv",
    primaryClass = "hep-ph",
    reportNumber = "COEPP-MN-17-11, NORDITA-2017-081, CERN-TH-2017-169, CoEPP-MN-17-11, NORDITA 2017-081, gambit-physics, NORDITA 2017-081,
  gambit-physics-2017",
    doi = "10.1140/epjc/s10052-017-5196-8",
    journal = "Eur. Phys. J. C",
    volume = "77",
    number = "12",
    pages = "879",
    year = "2017"
}

@article{Hurwitz1923,
    author = "Hurwitz, Adolf",
    title  = "{Über die Komposition der quadratischen Formen}",
    journal = "Math. Ann.",
    volume = "88",
    pages  = "1-25",
    year   = "1923"
}

@article{Campbell1896,
    author = {Campbell, J. E.},
    title = {On a Law of Combination of Operators bearing on the Theory of Continuous Transformation Groups},
    journal = {Proceedings of the London Mathematical Society},
    volume = {s1-28},
    number = {1},
    pages = {381-390},
    year = {1896},
    month = {11},
    issn = {0024-6115},
    doi = {10.1112/plms/s1-28.1.381},
    url = {https://doi.org/10.1112/plms/s1-28.1.381},
    eprint = {https://academic.oup.com/plms/article-pdf/s1-28/1/381/4322999/s1-28-1-381.pdf},
}

@article{Dreiner:2008tw,
    author = "Dreiner, Herbi K. and Haber, Howard E. and Martin, Stephen P.",
    title = "{Two-component spinor techniques and Feynman rules for quantum field theory and supersymmetry}",
    eprint = "0812.1594",
    archivePrefix = "arXiv",
    primaryClass = "hep-ph",
    reportNumber = "BN-TH-2008-12, SCIPP-08-08, FERMILAB-PUB-09-855-T, BN-TH-2008-12 and SCIPP-08/08",
    doi = "10.1016/j.physrep.2010.05.002",
    journal = "Phys. Rept.",
    volume = "494",
    pages = "1--196",
    year = "2010"
}

@article{ParticleDataGroup:2024cfk,
    author = "Navas, S. and others",
    collaboration = "Particle Data Group",
    title = "{Review of particle physics}",
    doi = "10.1103/PhysRevD.110.030001",
    journal = "Phys. Rev. D",
    volume = "110",
    number = "3",
    pages = "030001",
    year = "2024"
}

@article{Chamseddine:1995gb,
    author = "Chamseddine, Ali H. and Dreiner, Herbert K.",
    title = "{Anomaly free gauged R symmetry in local supersymmetry}",
    eprint = "hep-ph/9504337",
    archivePrefix = "arXiv",
    reportNumber = "ETH-TH-95-04",
    doi = "10.1016/0550-3213(95)00583-8",
    journal = "Nucl. Phys. B",
    volume = "458",
    pages = "65--89",
    year = "1996"
}


